%YAML 1.1
%TAG !u! tag:unity3d.com,2011:
--- !u!29 &1
OcclusionCullingSettings:
  m_ObjectHideFlags: 0
  serializedVersion: 2
  m_OcclusionBakeSettings:
    smallestOccluder: 5
    smallestHole: 0.25
    backfaceThreshold: 100
  m_SceneGUID: 00000000000000000000000000000000
  m_OcclusionCullingData: {fileID: 0}
--- !u!104 &2
RenderSettings:
  m_ObjectHideFlags: 0
  serializedVersion: 9
  m_Fog: 0
  m_FogColor: {r: 0.5, g: 0.5, b: 0.5, a: 1}
  m_FogMode: 3
  m_FogDensity: 0.01
  m_LinearFogStart: 0
  m_LinearFogEnd: 300
  m_AmbientSkyColor: {r: 0.212, g: 0.227, b: 0.259, a: 1}
  m_AmbientEquatorColor: {r: 0.114, g: 0.125, b: 0.133, a: 1}
  m_AmbientGroundColor: {r: 0.047, g: 0.043, b: 0.035, a: 1}
  m_AmbientIntensity: 1
  m_AmbientMode: 0
  m_SubtractiveShadowColor: {r: 0.42, g: 0.478, b: 0.627, a: 1}
  m_SkyboxMaterial: {fileID: 10304, guid: 0000000000000000f000000000000000, type: 0}
  m_HaloStrength: 0.5
  m_FlareStrength: 1
  m_FlareFadeSpeed: 3
  m_HaloTexture: {fileID: 0}
  m_SpotCookie: {fileID: 10001, guid: 0000000000000000e000000000000000, type: 0}
  m_DefaultReflectionMode: 0
  m_DefaultReflectionResolution: 128
  m_ReflectionBounces: 1
  m_ReflectionIntensity: 1
  m_CustomReflection: {fileID: 0}
  m_Sun: {fileID: 0}
  m_IndirectSpecularColor: {r: 0.37311953, g: 0.38074, b: 0.35872698, a: 1}
  m_UseRadianceAmbientProbe: 0
--- !u!157 &3
LightmapSettings:
  m_ObjectHideFlags: 0
  serializedVersion: 11
  m_GIWorkflowMode: 0
  m_GISettings:
    serializedVersion: 2
    m_BounceScale: 1
    m_IndirectOutputScale: 1
    m_AlbedoBoost: 1
    m_EnvironmentLightingMode: 0
    m_EnableBakedLightmaps: 1
    m_EnableRealtimeLightmaps: 0
  m_LightmapEditorSettings:
    serializedVersion: 12
    m_Resolution: 2
    m_BakeResolution: 40
    m_AtlasSize: 1024
    m_AO: 0
    m_AOMaxDistance: 1
    m_CompAOExponent: 1
    m_CompAOExponentDirect: 0
    m_ExtractAmbientOcclusion: 0
    m_Padding: 2
    m_LightmapParameters: {fileID: 0}
    m_LightmapsBakeMode: 1
    m_TextureCompression: 1
    m_FinalGather: 0
    m_FinalGatherFiltering: 1
    m_FinalGatherRayCount: 256
    m_ReflectionCompression: 2
    m_MixedBakeMode: 2
    m_BakeBackend: 1
    m_PVRSampling: 1
    m_PVRDirectSampleCount: 32
    m_PVRSampleCount: 500
    m_PVRBounces: 2
    m_PVREnvironmentSampleCount: 500
    m_PVREnvironmentReferencePointCount: 2048
    m_PVRFilteringMode: 2
    m_PVRDenoiserTypeDirect: 0
    m_PVRDenoiserTypeIndirect: 0
    m_PVRDenoiserTypeAO: 0
    m_PVRFilterTypeDirect: 0
    m_PVRFilterTypeIndirect: 0
    m_PVRFilterTypeAO: 0
    m_PVREnvironmentMIS: 0
    m_PVRCulling: 1
    m_PVRFilteringGaussRadiusDirect: 1
    m_PVRFilteringGaussRadiusIndirect: 5
    m_PVRFilteringGaussRadiusAO: 2
    m_PVRFilteringAtrousPositionSigmaDirect: 0.5
    m_PVRFilteringAtrousPositionSigmaIndirect: 2
    m_PVRFilteringAtrousPositionSigmaAO: 1
    m_ExportTrainingData: 0
    m_TrainingDataDestination: TrainingData
  m_LightingDataAsset: {fileID: 0}
  m_UseShadowmask: 1
--- !u!196 &4
NavMeshSettings:
  serializedVersion: 2
  m_ObjectHideFlags: 0
  m_BuildSettings:
    serializedVersion: 2
    agentTypeID: 0
    agentRadius: 0.5
    agentHeight: 2
    agentSlope: 45
    agentClimb: 0.4
    ledgeDropHeight: 0
    maxJumpAcrossDistance: 0
    minRegionArea: 2
    manualCellSize: 0
    cellSize: 0.16666667
    manualTileSize: 0
    tileSize: 256
    accuratePlacement: 0
    debug:
      m_Flags: 0
  m_NavMeshData: {fileID: 0}
--- !u!1 &145863636
GameObject:
  m_ObjectHideFlags: 0
  m_CorrespondingSourceObject: {fileID: 0}
  m_PrefabInstance: {fileID: 0}
  m_PrefabAsset: {fileID: 0}
  serializedVersion: 6
  m_Component:
  - component: {fileID: 145863639}
  - component: {fileID: 145863638}
  - component: {fileID: 145863637}
  m_Layer: 0
  m_Name: EventSystem
  m_TagString: Untagged
  m_Icon: {fileID: 0}
  m_NavMeshLayer: 0
  m_StaticEditorFlags: 0
  m_IsActive: 1
--- !u!114 &145863637
MonoBehaviour:
  m_ObjectHideFlags: 0
  m_CorrespondingSourceObject: {fileID: 0}
  m_PrefabInstance: {fileID: 0}
  m_PrefabAsset: {fileID: 0}
  m_GameObject: {fileID: 145863636}
  m_Enabled: 1
  m_EditorHideFlags: 0
  m_Script: {fileID: 11500000, guid: 4f231c4fb786f3946a6b90b886c48677, type: 3}
  m_Name: 
  m_EditorClassIdentifier: 
  m_HorizontalAxis: Horizontal
  m_VerticalAxis: Vertical
  m_SubmitButton: Submit
  m_CancelButton: Cancel
  m_InputActionsPerSecond: 10
  m_RepeatDelay: 0.5
  m_ForceModuleActive: 0
--- !u!114 &145863638
MonoBehaviour:
  m_ObjectHideFlags: 0
  m_CorrespondingSourceObject: {fileID: 0}
  m_PrefabInstance: {fileID: 0}
  m_PrefabAsset: {fileID: 0}
  m_GameObject: {fileID: 145863636}
  m_Enabled: 1
  m_EditorHideFlags: 0
  m_Script: {fileID: 11500000, guid: 76c392e42b5098c458856cdf6ecaaaa1, type: 3}
  m_Name: 
  m_EditorClassIdentifier: 
  m_FirstSelected: {fileID: 0}
  m_sendNavigationEvents: 1
  m_DragThreshold: 10
--- !u!4 &145863639
Transform:
  m_ObjectHideFlags: 0
  m_CorrespondingSourceObject: {fileID: 0}
  m_PrefabInstance: {fileID: 0}
  m_PrefabAsset: {fileID: 0}
  m_GameObject: {fileID: 145863636}
  m_LocalRotation: {x: 0, y: 0, z: 0, w: 1}
  m_LocalPosition: {x: 0, y: 0, z: 0}
  m_LocalScale: {x: 1, y: 1, z: 1}
  m_Children: []
  m_Father: {fileID: 0}
  m_RootOrder: 4
  m_LocalEulerAnglesHint: {x: 0, y: 0, z: 0}
--- !u!1001 &233985369
PrefabInstance:
  m_ObjectHideFlags: 0
  serializedVersion: 2
  m_Modification:
    m_TransformParent: {fileID: 0}
    m_Modifications:
    - target: {fileID: 3582593970217499581, guid: 7058276554e2145cb81cad3e05c86964,
        type: 3}
      propertyPath: m_Name
      value: SceneChanger
      objectReference: {fileID: 0}
    - target: {fileID: 3582593970217499581, guid: 7058276554e2145cb81cad3e05c86964,
        type: 3}
      propertyPath: m_IsActive
      value: 1
      objectReference: {fileID: 0}
    - target: {fileID: 3582593970217499580, guid: 7058276554e2145cb81cad3e05c86964,
        type: 3}
      propertyPath: m_LocalPosition.x
      value: 1062
      objectReference: {fileID: 0}
    - target: {fileID: 3582593970217499580, guid: 7058276554e2145cb81cad3e05c86964,
        type: 3}
      propertyPath: m_LocalPosition.y
      value: 578
      objectReference: {fileID: 0}
    - target: {fileID: 3582593970217499580, guid: 7058276554e2145cb81cad3e05c86964,
        type: 3}
      propertyPath: m_LocalPosition.z
      value: 0
      objectReference: {fileID: 0}
    - target: {fileID: 3582593970217499580, guid: 7058276554e2145cb81cad3e05c86964,
        type: 3}
      propertyPath: m_LocalRotation.x
      value: 0
      objectReference: {fileID: 0}
    - target: {fileID: 3582593970217499580, guid: 7058276554e2145cb81cad3e05c86964,
        type: 3}
      propertyPath: m_LocalRotation.y
      value: 0
      objectReference: {fileID: 0}
    - target: {fileID: 3582593970217499580, guid: 7058276554e2145cb81cad3e05c86964,
        type: 3}
      propertyPath: m_LocalRotation.z
      value: 0
      objectReference: {fileID: 0}
    - target: {fileID: 3582593970217499580, guid: 7058276554e2145cb81cad3e05c86964,
        type: 3}
      propertyPath: m_LocalRotation.w
      value: 1
      objectReference: {fileID: 0}
    - target: {fileID: 3582593970217499580, guid: 7058276554e2145cb81cad3e05c86964,
        type: 3}
      propertyPath: m_RootOrder
      value: 5
      objectReference: {fileID: 0}
    - target: {fileID: 3582593970217499580, guid: 7058276554e2145cb81cad3e05c86964,
        type: 3}
      propertyPath: m_LocalEulerAnglesHint.x
      value: 0
      objectReference: {fileID: 0}
    - target: {fileID: 3582593970217499580, guid: 7058276554e2145cb81cad3e05c86964,
        type: 3}
      propertyPath: m_LocalEulerAnglesHint.y
      value: 0
      objectReference: {fileID: 0}
    - target: {fileID: 3582593970217499580, guid: 7058276554e2145cb81cad3e05c86964,
        type: 3}
      propertyPath: m_LocalEulerAnglesHint.z
      value: 0
      objectReference: {fileID: 0}
    - target: {fileID: 3582593970279324240, guid: 7058276554e2145cb81cad3e05c86964,
        type: 3}
      propertyPath: m_Camera
      value: 
      objectReference: {fileID: 2114758113}
    - target: {fileID: 3582593970279324240, guid: 7058276554e2145cb81cad3e05c86964,
        type: 3}
      propertyPath: m_PlaneDistance
      value: 0.2
      objectReference: {fileID: 0}
    - target: {fileID: 3582593970279324243, guid: 7058276554e2145cb81cad3e05c86964,
        type: 3}
      propertyPath: m_IsActive
      value: 1
      objectReference: {fileID: 0}
    m_RemovedComponents: []
  m_SourcePrefab: {fileID: 100100000, guid: 7058276554e2145cb81cad3e05c86964, type: 3}
--- !u!1 &233985370 stripped
GameObject:
  m_CorrespondingSourceObject: {fileID: 3582593970217499581, guid: 7058276554e2145cb81cad3e05c86964,
    type: 3}
  m_PrefabInstance: {fileID: 233985369}
  m_PrefabAsset: {fileID: 0}
--- !u!1 &274385130
GameObject:
  m_ObjectHideFlags: 0
  m_CorrespondingSourceObject: {fileID: 0}
  m_PrefabInstance: {fileID: 0}
  m_PrefabAsset: {fileID: 0}
  serializedVersion: 6
  m_Component:
  - component: {fileID: 274385131}
  - component: {fileID: 274385133}
  - component: {fileID: 274385132}
  m_Layer: 5
  m_Name: DatoCurioso
  m_TagString: Untagged
  m_Icon: {fileID: 0}
  m_NavMeshLayer: 0
  m_StaticEditorFlags: 0
  m_IsActive: 1
--- !u!224 &274385131
RectTransform:
  m_ObjectHideFlags: 0
  m_CorrespondingSourceObject: {fileID: 0}
  m_PrefabInstance: {fileID: 0}
  m_PrefabAsset: {fileID: 0}
  m_GameObject: {fileID: 274385130}
  m_LocalRotation: {x: 0, y: 0, z: 0, w: 1}
  m_LocalPosition: {x: 0, y: 0, z: 73}
  m_LocalScale: {x: 2.2, y: 3, z: 2}
  m_Children: []
  m_Father: {fileID: 791198716}
  m_RootOrder: 0
  m_LocalEulerAnglesHint: {x: 0, y: 0, z: 0}
  m_AnchorMin: {x: 0.5, y: 0.5}
  m_AnchorMax: {x: 0.5, y: 0.5}
  m_AnchoredPosition: {x: 11, y: -110}
  m_SizeDelta: {x: 737.6, y: 300}
  m_Pivot: {x: 0.5, y: 0.5}
--- !u!114 &274385132
MonoBehaviour:
  m_ObjectHideFlags: 0
  m_CorrespondingSourceObject: {fileID: 0}
  m_PrefabInstance: {fileID: 0}
  m_PrefabAsset: {fileID: 0}
  m_GameObject: {fileID: 274385130}
  m_Enabled: 1
  m_EditorHideFlags: 0
  m_Script: {fileID: 11500000, guid: 5f7201a12d95ffc409449d95f23cf332, type: 3}
  m_Name: 
  m_EditorClassIdentifier: 
  m_Material: {fileID: 0}
  m_Color: {r: 0.35686275, g: 0.50980395, b: 0.8705883, a: 1}
  m_RaycastTarget: 1
  m_OnCullStateChanged:
    m_PersistentCalls:
      m_Calls: []
  m_FontData:
    m_Font: {fileID: 10102, guid: 0000000000000000e000000000000000, type: 0}
    m_FontSize: 30
    m_FontStyle: 1
    m_BestFit: 0
    m_MinSize: 0
    m_MaxSize: 300
    m_Alignment: 1
    m_AlignByGeometry: 1
    m_RichText: 1
    m_HorizontalOverflow: 0
    m_VerticalOverflow: 0
    m_LineSpacing: 1
  m_Text: "Su nombre viene de las palabras mayas \u201Cchi\u201D (boca), \u201Cche\u2019en\u201D
    (pozo), \u201Citz\u201D (mago o brujo) y \u201Ch\xE1\u201D (agua).\nAs\xED, Chichen
    Itz\xE1 significa \u201Cla boca del pozo de los brujos del agua\u201D, haciendo
    referencia al Cenote Sagrado, el gran pozo natural que los mayas consideraban
    una de las entradas principales a Xibalb\xE1, su inframundo..."
--- !u!222 &274385133
CanvasRenderer:
  m_ObjectHideFlags: 0
  m_CorrespondingSourceObject: {fileID: 0}
  m_PrefabInstance: {fileID: 0}
  m_PrefabAsset: {fileID: 0}
  m_GameObject: {fileID: 274385130}
  m_CullTransparentMesh: 0
--- !u!1001 &338976344
PrefabInstance:
  m_ObjectHideFlags: 0
  serializedVersion: 2
  m_Modification:
    m_TransformParent: {fileID: 1583182645}
    m_Modifications:
    - target: {fileID: 112276, guid: d9809c5e8418bb047bf2c8ba1d1a2cec, type: 3}
      propertyPath: m_Name
      value: OVRControllerPrefab
      objectReference: {fileID: 0}
    - target: {fileID: 488160, guid: d9809c5e8418bb047bf2c8ba1d1a2cec, type: 3}
      propertyPath: m_LocalPosition.x
      value: 0
      objectReference: {fileID: 0}
    - target: {fileID: 488160, guid: d9809c5e8418bb047bf2c8ba1d1a2cec, type: 3}
      propertyPath: m_LocalPosition.y
      value: 0
      objectReference: {fileID: 0}
    - target: {fileID: 488160, guid: d9809c5e8418bb047bf2c8ba1d1a2cec, type: 3}
      propertyPath: m_LocalPosition.z
      value: 0
      objectReference: {fileID: 0}
    - target: {fileID: 488160, guid: d9809c5e8418bb047bf2c8ba1d1a2cec, type: 3}
      propertyPath: m_LocalRotation.x
      value: -0
      objectReference: {fileID: 0}
    - target: {fileID: 488160, guid: d9809c5e8418bb047bf2c8ba1d1a2cec, type: 3}
      propertyPath: m_LocalRotation.y
      value: -0
      objectReference: {fileID: 0}
    - target: {fileID: 488160, guid: d9809c5e8418bb047bf2c8ba1d1a2cec, type: 3}
      propertyPath: m_LocalRotation.z
      value: -0
      objectReference: {fileID: 0}
    - target: {fileID: 488160, guid: d9809c5e8418bb047bf2c8ba1d1a2cec, type: 3}
      propertyPath: m_LocalRotation.w
      value: 1
      objectReference: {fileID: 0}
    - target: {fileID: 488160, guid: d9809c5e8418bb047bf2c8ba1d1a2cec, type: 3}
      propertyPath: m_RootOrder
      value: 0
      objectReference: {fileID: 0}
    - target: {fileID: 488160, guid: d9809c5e8418bb047bf2c8ba1d1a2cec, type: 3}
      propertyPath: m_LocalEulerAnglesHint.x
      value: 0
      objectReference: {fileID: 0}
    - target: {fileID: 488160, guid: d9809c5e8418bb047bf2c8ba1d1a2cec, type: 3}
      propertyPath: m_LocalEulerAnglesHint.y
      value: 0
      objectReference: {fileID: 0}
    - target: {fileID: 488160, guid: d9809c5e8418bb047bf2c8ba1d1a2cec, type: 3}
      propertyPath: m_LocalEulerAnglesHint.z
      value: 0
      objectReference: {fileID: 0}
    m_RemovedComponents: []
  m_SourcePrefab: {fileID: 100100000, guid: d9809c5e8418bb047bf2c8ba1d1a2cec, type: 3}
--- !u!4 &338976345 stripped
Transform:
  m_CorrespondingSourceObject: {fileID: 488160, guid: d9809c5e8418bb047bf2c8ba1d1a2cec,
    type: 3}
  m_PrefabInstance: {fileID: 338976344}
  m_PrefabAsset: {fileID: 0}
--- !u!1001 &711378891
PrefabInstance:
  m_ObjectHideFlags: 0
  serializedVersion: 2
  m_Modification:
    m_TransformParent: {fileID: 0}
    m_Modifications:
    - target: {fileID: -927199367670048503, guid: 1fcf7d6b7b5ac42e5933c47d9077209b,
        type: 3}
      propertyPath: m_Name
      value: Sphere360
      objectReference: {fileID: 0}
    - target: {fileID: -927199367670048503, guid: 1fcf7d6b7b5ac42e5933c47d9077209b,
        type: 3}
      propertyPath: m_Layer
      value: 9
      objectReference: {fileID: 0}
    - target: {fileID: -4216859302048453862, guid: 1fcf7d6b7b5ac42e5933c47d9077209b,
        type: 3}
      propertyPath: m_LocalPosition.x
      value: 0
      objectReference: {fileID: 0}
    - target: {fileID: -4216859302048453862, guid: 1fcf7d6b7b5ac42e5933c47d9077209b,
        type: 3}
      propertyPath: m_LocalPosition.y
      value: 0
      objectReference: {fileID: 0}
    - target: {fileID: -4216859302048453862, guid: 1fcf7d6b7b5ac42e5933c47d9077209b,
        type: 3}
      propertyPath: m_LocalPosition.z
      value: 0
      objectReference: {fileID: 0}
    - target: {fileID: -4216859302048453862, guid: 1fcf7d6b7b5ac42e5933c47d9077209b,
        type: 3}
      propertyPath: m_LocalRotation.x
      value: -0.031783666
      objectReference: {fileID: 0}
    - target: {fileID: -4216859302048453862, guid: 1fcf7d6b7b5ac42e5933c47d9077209b,
        type: 3}
      propertyPath: m_LocalRotation.y
      value: 0.68793494
      objectReference: {fileID: 0}
    - target: {fileID: -4216859302048453862, guid: 1fcf7d6b7b5ac42e5933c47d9077209b,
        type: 3}
      propertyPath: m_LocalRotation.z
      value: 0.030374898
      objectReference: {fileID: 0}
    - target: {fileID: -4216859302048453862, guid: 1fcf7d6b7b5ac42e5933c47d9077209b,
        type: 3}
      propertyPath: m_LocalRotation.w
      value: 0.7244396
      objectReference: {fileID: 0}
    - target: {fileID: -4216859302048453862, guid: 1fcf7d6b7b5ac42e5933c47d9077209b,
        type: 3}
      propertyPath: m_RootOrder
      value: 1
      objectReference: {fileID: 0}
    - target: {fileID: -4216859302048453862, guid: 1fcf7d6b7b5ac42e5933c47d9077209b,
        type: 3}
      propertyPath: m_LocalEulerAnglesHint.x
      value: -5.0400004
      objectReference: {fileID: 0}
    - target: {fileID: -4216859302048453862, guid: 1fcf7d6b7b5ac42e5933c47d9077209b,
        type: 3}
      propertyPath: m_LocalEulerAnglesHint.y
      value: 87.038
      objectReference: {fileID: 0}
    - target: {fileID: -4216859302048453862, guid: 1fcf7d6b7b5ac42e5933c47d9077209b,
        type: 3}
      propertyPath: m_LocalEulerAnglesHint.z
      value: 0.016
      objectReference: {fileID: 0}
    - target: {fileID: -4216859302048453862, guid: 1fcf7d6b7b5ac42e5933c47d9077209b,
        type: 3}
      propertyPath: m_LocalScale.x
      value: 100
      objectReference: {fileID: 0}
    - target: {fileID: -4216859302048453862, guid: 1fcf7d6b7b5ac42e5933c47d9077209b,
        type: 3}
      propertyPath: m_LocalScale.y
      value: 100
      objectReference: {fileID: 0}
    - target: {fileID: -4216859302048453862, guid: 1fcf7d6b7b5ac42e5933c47d9077209b,
        type: 3}
      propertyPath: m_LocalScale.z
      value: 100
      objectReference: {fileID: 0}
    - target: {fileID: -1504981713932161579, guid: 1fcf7d6b7b5ac42e5933c47d9077209b,
        type: 3}
      propertyPath: m_Materials.Array.data[0]
      value: 
      objectReference: {fileID: 2100000, guid: 30bd2abdb0fd4432fa05db84abb9b061, type: 2}
    m_RemovedComponents: []
  m_SourcePrefab: {fileID: 100100000, guid: 1fcf7d6b7b5ac42e5933c47d9077209b, type: 3}
--- !u!1 &711378892 stripped
GameObject:
  m_CorrespondingSourceObject: {fileID: -927199367670048503, guid: 1fcf7d6b7b5ac42e5933c47d9077209b,
    type: 3}
  m_PrefabInstance: {fileID: 711378891}
  m_PrefabAsset: {fileID: 0}
--- !u!82 &711378893
AudioSource:
  m_ObjectHideFlags: 0
  m_CorrespondingSourceObject: {fileID: 0}
  m_PrefabInstance: {fileID: 0}
  m_PrefabAsset: {fileID: 0}
  m_GameObject: {fileID: 711378892}
  m_Enabled: 1
  serializedVersion: 4
  OutputAudioMixerGroup: {fileID: 0}
  m_audioClip: {fileID: 8300000, guid: 4a19c66d06ff343c8b5532775586e5d0, type: 3}
  m_PlayOnAwake: 1
  m_Volume: 1
  m_Pitch: 1
  Loop: 1
  Mute: 0
  Spatialize: 0
  SpatializePostEffects: 0
  Priority: 128
  DopplerLevel: 1
  MinDistance: 1
  MaxDistance: 500
  Pan2D: 0
  rolloffMode: 0
  BypassEffects: 0
  BypassListenerEffects: 0
  BypassReverbZones: 0
  rolloffCustomCurve:
    serializedVersion: 2
    m_Curve:
    - serializedVersion: 3
      time: 0
      value: 1
      inSlope: 0
      outSlope: 0
      tangentMode: 0
      weightedMode: 0
      inWeight: 0.33333334
      outWeight: 0.33333334
    - serializedVersion: 3
      time: 1
      value: 0
      inSlope: 0
      outSlope: 0
      tangentMode: 0
      weightedMode: 0
      inWeight: 0.33333334
      outWeight: 0.33333334
    m_PreInfinity: 2
    m_PostInfinity: 2
    m_RotationOrder: 4
  panLevelCustomCurve:
    serializedVersion: 2
    m_Curve:
    - serializedVersion: 3
      time: 0
      value: 0
      inSlope: 0
      outSlope: 0
      tangentMode: 0
      weightedMode: 0
      inWeight: 0.33333334
      outWeight: 0.33333334
    m_PreInfinity: 2
    m_PostInfinity: 2
    m_RotationOrder: 4
  spreadCustomCurve:
    serializedVersion: 2
    m_Curve:
    - serializedVersion: 3
      time: 0
      value: 0
      inSlope: 0
      outSlope: 0
      tangentMode: 0
      weightedMode: 0
      inWeight: 0.33333334
      outWeight: 0.33333334
    m_PreInfinity: 2
    m_PostInfinity: 2
    m_RotationOrder: 4
  reverbZoneMixCustomCurve:
    serializedVersion: 2
    m_Curve:
    - serializedVersion: 3
      time: 0
      value: 1
      inSlope: 0
      outSlope: 0
      tangentMode: 0
      weightedMode: 0
      inWeight: 0.33333334
      outWeight: 0.33333334
    m_PreInfinity: 2
    m_PostInfinity: 2
    m_RotationOrder: 4
--- !u!1 &791198715
GameObject:
  m_ObjectHideFlags: 0
  m_CorrespondingSourceObject: {fileID: 0}
  m_PrefabInstance: {fileID: 0}
  m_PrefabAsset: {fileID: 0}
  serializedVersion: 6
  m_Component:
  - component: {fileID: 791198716}
  - component: {fileID: 791198718}
  - component: {fileID: 791198717}
  m_Layer: 5
  m_Name: BubbleSpeech
  m_TagString: Untagged
  m_Icon: {fileID: 0}
  m_NavMeshLayer: 0
  m_StaticEditorFlags: 0
  m_IsActive: 0
--- !u!224 &791198716
RectTransform:
  m_ObjectHideFlags: 0
  m_CorrespondingSourceObject: {fileID: 0}
  m_PrefabInstance: {fileID: 0}
  m_PrefabAsset: {fileID: 0}
  m_GameObject: {fileID: 791198715}
  m_LocalRotation: {x: 0.07763063, y: 0.33604464, z: -0.02400436, w: 0.93833435}
  m_LocalPosition: {x: 0, y: 0, z: -1123}
  m_LocalScale: {x: 1.033095, y: 1.219815, z: 0.48955712}
  m_Children:
  - {fileID: 274385131}
  m_Father: {fileID: 1874388951}
  m_RootOrder: 1
  m_LocalEulerAnglesHint: {x: 9.313001, y: 39.442, z: 0.41400003}
  m_AnchorMin: {x: 0.5, y: 0.5}
  m_AnchorMax: {x: 0.5, y: 0.5}
  m_AnchoredPosition: {x: 320, y: -1688}
  m_SizeDelta: {x: 2500, y: 1300}
  m_Pivot: {x: 0.5, y: 0.5}
--- !u!114 &791198717
MonoBehaviour:
  m_ObjectHideFlags: 0
  m_CorrespondingSourceObject: {fileID: 0}
  m_PrefabInstance: {fileID: 0}
  m_PrefabAsset: {fileID: 0}
  m_GameObject: {fileID: 791198715}
  m_Enabled: 1
  m_EditorHideFlags: 0
  m_Script: {fileID: 11500000, guid: fe87c0e1cc204ed48ad3b37840f39efc, type: 3}
  m_Name: 
  m_EditorClassIdentifier: 
  m_Material: {fileID: 0}
  m_Color: {r: 1, g: 1, b: 1, a: 1}
  m_RaycastTarget: 1
  m_OnCullStateChanged:
    m_PersistentCalls:
      m_Calls: []
  m_Sprite: {fileID: 21300000, guid: 52cbd49a8080f45d2a96a6e1936b7762, type: 3}
  m_Type: 0
  m_PreserveAspect: 0
  m_FillCenter: 1
  m_FillMethod: 4
  m_FillAmount: 1
  m_FillClockwise: 1
  m_FillOrigin: 0
  m_UseSpriteMesh: 0
  m_PixelsPerUnitMultiplier: 1
--- !u!222 &791198718
CanvasRenderer:
  m_ObjectHideFlags: 0
  m_CorrespondingSourceObject: {fileID: 0}
  m_PrefabInstance: {fileID: 0}
  m_PrefabAsset: {fileID: 0}
  m_GameObject: {fileID: 791198715}
  m_CullTransparentMesh: 0
--- !u!1 &809058359
GameObject:
  m_ObjectHideFlags: 0
  m_CorrespondingSourceObject: {fileID: 0}
  m_PrefabInstance: {fileID: 0}
  m_PrefabAsset: {fileID: 0}
  serializedVersion: 6
  m_Component:
  - component: {fileID: 809058360}
  - component: {fileID: 809058364}
  - component: {fileID: 809058363}
  - component: {fileID: 809058362}
  - component: {fileID: 809058361}
  m_Layer: 5
  m_Name: MenuButton
  m_TagString: Untagged
  m_Icon: {fileID: 0}
  m_NavMeshLayer: 0
  m_StaticEditorFlags: 0
  m_IsActive: 1
--- !u!224 &809058360
RectTransform:
  m_ObjectHideFlags: 0
  m_CorrespondingSourceObject: {fileID: 0}
  m_PrefabInstance: {fileID: 0}
  m_PrefabAsset: {fileID: 0}
  m_GameObject: {fileID: 809058359}
  m_LocalRotation: {x: 0, y: 0, z: 0, w: 1}
  m_LocalPosition: {x: 0, y: 0, z: 39}
  m_LocalScale: {x: 1, y: 1, z: 1}
  m_Children: []
  m_Father: {fileID: 1215254610}
  m_RootOrder: 0
  m_LocalEulerAnglesHint: {x: 0, y: 0, z: 0}
  m_AnchorMin: {x: 0.5, y: 0.5}
  m_AnchorMax: {x: 0.5, y: 0.5}
  m_AnchoredPosition: {x: 1851, y: 7}
  m_SizeDelta: {x: 300, y: 300}
  m_Pivot: {x: 0.5, y: 0.5}
--- !u!114 &809058361
MonoBehaviour:
  m_ObjectHideFlags: 0
  m_CorrespondingSourceObject: {fileID: 0}
  m_PrefabInstance: {fileID: 0}
  m_PrefabAsset: {fileID: 0}
  m_GameObject: {fileID: 809058359}
  m_Enabled: 1
  m_EditorHideFlags: 0
  m_Script: {fileID: 11500000, guid: 25081e4d58b924b0a8d3731de2d17baa, type: 3}
  m_Name: 
  m_EditorClassIdentifier: 
  OnOverEvent:
    m_PersistentCalls:
      m_Calls:
      - m_Target: {fileID: 809058361}
        m_MethodName: TamanoAumentado
        m_Mode: 4
        m_Arguments:
          m_ObjectArgument: {fileID: 0}
          m_ObjectArgumentAssemblyTypeName: UnityEngine.Object, UnityEngine
          m_IntArgument: 0
          m_FloatArgument: 1.5
          m_StringArgument: 
          m_BoolArgument: 0
        m_CallState: 2
  OnOffEvent:
    m_PersistentCalls:
      m_Calls:
      - m_Target: {fileID: 809058361}
        m_MethodName: TamanoOriginal
        m_Mode: 4
        m_Arguments:
          m_ObjectArgument: {fileID: 0}
          m_ObjectArgumentAssemblyTypeName: UnityEngine.Object, UnityEngine
          m_IntArgument: 0
          m_FloatArgument: 1
          m_StringArgument: 
          m_BoolArgument: 0
        m_CallState: 2
  OnClickEvent:
    m_PersistentCalls:
      m_Calls:
      - m_Target: {fileID: 809058361}
        m_MethodName: CambiarEscena
        m_Mode: 5
        m_Arguments:
          m_ObjectArgument: {fileID: 0}
          m_ObjectArgumentAssemblyTypeName: UnityEngine.Object, UnityEngine
          m_IntArgument: 0
          m_FloatArgument: 0
          m_StringArgument: MenuMundo
          m_BoolArgument: 0
        m_CallState: 2
  controllerScene: {fileID: 233985370}
  objeto: {fileID: 0}
--- !u!65 &809058362
BoxCollider:
  m_ObjectHideFlags: 0
  m_CorrespondingSourceObject: {fileID: 0}
  m_PrefabInstance: {fileID: 0}
  m_PrefabAsset: {fileID: 0}
  m_GameObject: {fileID: 809058359}
  m_Material: {fileID: 0}
  m_IsTrigger: 0
  m_Enabled: 1
  serializedVersion: 2
  m_Size: {x: 300, y: 300, z: 300}
  m_Center: {x: 0, y: 0, z: 0}
--- !u!114 &809058363
MonoBehaviour:
  m_ObjectHideFlags: 0
  m_CorrespondingSourceObject: {fileID: 0}
  m_PrefabInstance: {fileID: 0}
  m_PrefabAsset: {fileID: 0}
  m_GameObject: {fileID: 809058359}
  m_Enabled: 1
  m_EditorHideFlags: 0
  m_Script: {fileID: 11500000, guid: fe87c0e1cc204ed48ad3b37840f39efc, type: 3}
  m_Name: 
  m_EditorClassIdentifier: 
  m_Material: {fileID: 0}
  m_Color: {r: 1, g: 1, b: 1, a: 1}
  m_RaycastTarget: 1
  m_OnCullStateChanged:
    m_PersistentCalls:
      m_Calls: []
  m_Sprite: {fileID: 21300000, guid: 7206d7e4f5c584a5898ada38e9c6dffd, type: 3}
  m_Type: 0
  m_PreserveAspect: 0
  m_FillCenter: 1
  m_FillMethod: 4
  m_FillAmount: 1
  m_FillClockwise: 1
  m_FillOrigin: 0
  m_UseSpriteMesh: 1
  m_PixelsPerUnitMultiplier: 1
--- !u!222 &809058364
CanvasRenderer:
  m_ObjectHideFlags: 0
  m_CorrespondingSourceObject: {fileID: 0}
  m_PrefabInstance: {fileID: 0}
  m_PrefabAsset: {fileID: 0}
  m_GameObject: {fileID: 809058359}
  m_CullTransparentMesh: 0
--- !u!1001 &863650787
PrefabInstance:
  m_ObjectHideFlags: 0
  serializedVersion: 2
  m_Modification:
    m_TransformParent: {fileID: 338976345}
    m_Modifications:
    - target: {fileID: 4431394037747845720, guid: 26e0c6be4773d49c78b6d7829179914e,
        type: 3}
      propertyPath: m_Name
      value: PRPointer
      objectReference: {fileID: 0}
    - target: {fileID: 5130424135083042741, guid: 26e0c6be4773d49c78b6d7829179914e,
        type: 3}
      propertyPath: m_LocalPosition.x
      value: 0
      objectReference: {fileID: 0}
    - target: {fileID: 5130424135083042741, guid: 26e0c6be4773d49c78b6d7829179914e,
        type: 3}
      propertyPath: m_LocalPosition.y
      value: -0.013
      objectReference: {fileID: 0}
    - target: {fileID: 5130424135083042741, guid: 26e0c6be4773d49c78b6d7829179914e,
        type: 3}
      propertyPath: m_LocalPosition.z
      value: 0
      objectReference: {fileID: 0}
    - target: {fileID: 5130424135083042741, guid: 26e0c6be4773d49c78b6d7829179914e,
        type: 3}
      propertyPath: m_LocalRotation.x
      value: 0
      objectReference: {fileID: 0}
    - target: {fileID: 5130424135083042741, guid: 26e0c6be4773d49c78b6d7829179914e,
        type: 3}
      propertyPath: m_LocalRotation.y
      value: 0
      objectReference: {fileID: 0}
    - target: {fileID: 5130424135083042741, guid: 26e0c6be4773d49c78b6d7829179914e,
        type: 3}
      propertyPath: m_LocalRotation.z
      value: 0
      objectReference: {fileID: 0}
    - target: {fileID: 5130424135083042741, guid: 26e0c6be4773d49c78b6d7829179914e,
        type: 3}
      propertyPath: m_LocalRotation.w
      value: 1
      objectReference: {fileID: 0}
    - target: {fileID: 5130424135083042741, guid: 26e0c6be4773d49c78b6d7829179914e,
        type: 3}
      propertyPath: m_RootOrder
      value: 6
      objectReference: {fileID: 0}
    - target: {fileID: 5130424135083042741, guid: 26e0c6be4773d49c78b6d7829179914e,
        type: 3}
      propertyPath: m_LocalEulerAnglesHint.x
      value: 0
      objectReference: {fileID: 0}
    - target: {fileID: 5130424135083042741, guid: 26e0c6be4773d49c78b6d7829179914e,
        type: 3}
      propertyPath: m_LocalEulerAnglesHint.y
      value: 0
      objectReference: {fileID: 0}
    - target: {fileID: 5130424135083042741, guid: 26e0c6be4773d49c78b6d7829179914e,
        type: 3}
      propertyPath: m_LocalEulerAnglesHint.z
      value: 0
      objectReference: {fileID: 0}
    m_RemovedComponents: []
  m_SourcePrefab: {fileID: 100100000, guid: 26e0c6be4773d49c78b6d7829179914e, type: 3}
--- !u!1 &867233658 stripped
GameObject:
  m_CorrespondingSourceObject: {fileID: 112276, guid: d9809c5e8418bb047bf2c8ba1d1a2cec,
    type: 3}
  m_PrefabInstance: {fileID: 338976344}
  m_PrefabAsset: {fileID: 0}
--- !u!114 &867233659
MonoBehaviour:
  m_ObjectHideFlags: 0
  m_CorrespondingSourceObject: {fileID: 0}
  m_PrefabInstance: {fileID: 0}
  m_PrefabAsset: {fileID: 0}
  m_GameObject: {fileID: 867233658}
  m_Enabled: 1
  m_EditorHideFlags: 0
  m_Script: {fileID: 11500000, guid: b3d140891fdc64b30af659ca095b9e5a, type: 3}
  m_Name: 
  m_EditorClassIdentifier: 
  scene: 0
--- !u!4 &991998179 stripped
Transform:
  m_CorrespondingSourceObject: {fileID: 4593680705043960, guid: 126d619cf4daa52469682f85c1378b4a,
    type: 3}
  m_PrefabInstance: {fileID: 2114758112}
  m_PrefabAsset: {fileID: 0}
--- !u!1001 &1130724731
PrefabInstance:
  m_ObjectHideFlags: 0
  serializedVersion: 2
  m_Modification:
    m_TransformParent: {fileID: 1873235464}
    m_Modifications:
    - target: {fileID: 4431394037747845720, guid: 26e0c6be4773d49c78b6d7829179914e,
        type: 3}
      propertyPath: m_Name
      value: PRPointer
      objectReference: {fileID: 0}
    - target: {fileID: 5130424135083042741, guid: 26e0c6be4773d49c78b6d7829179914e,
        type: 3}
      propertyPath: m_LocalPosition.x
      value: 0
      objectReference: {fileID: 0}
    - target: {fileID: 5130424135083042741, guid: 26e0c6be4773d49c78b6d7829179914e,
        type: 3}
      propertyPath: m_LocalPosition.y
      value: -0.013
      objectReference: {fileID: 0}
    - target: {fileID: 5130424135083042741, guid: 26e0c6be4773d49c78b6d7829179914e,
        type: 3}
      propertyPath: m_LocalPosition.z
      value: 0
      objectReference: {fileID: 0}
    - target: {fileID: 5130424135083042741, guid: 26e0c6be4773d49c78b6d7829179914e,
        type: 3}
      propertyPath: m_LocalRotation.x
      value: 0
      objectReference: {fileID: 0}
    - target: {fileID: 5130424135083042741, guid: 26e0c6be4773d49c78b6d7829179914e,
        type: 3}
      propertyPath: m_LocalRotation.y
      value: 0
      objectReference: {fileID: 0}
    - target: {fileID: 5130424135083042741, guid: 26e0c6be4773d49c78b6d7829179914e,
        type: 3}
      propertyPath: m_LocalRotation.z
      value: 0
      objectReference: {fileID: 0}
    - target: {fileID: 5130424135083042741, guid: 26e0c6be4773d49c78b6d7829179914e,
        type: 3}
      propertyPath: m_LocalRotation.w
      value: 1
      objectReference: {fileID: 0}
    - target: {fileID: 5130424135083042741, guid: 26e0c6be4773d49c78b6d7829179914e,
        type: 3}
      propertyPath: m_RootOrder
      value: 6
      objectReference: {fileID: 0}
    - target: {fileID: 5130424135083042741, guid: 26e0c6be4773d49c78b6d7829179914e,
        type: 3}
      propertyPath: m_LocalEulerAnglesHint.x
      value: 0
      objectReference: {fileID: 0}
    - target: {fileID: 5130424135083042741, guid: 26e0c6be4773d49c78b6d7829179914e,
        type: 3}
      propertyPath: m_LocalEulerAnglesHint.y
      value: 0
      objectReference: {fileID: 0}
    - target: {fileID: 5130424135083042741, guid: 26e0c6be4773d49c78b6d7829179914e,
        type: 3}
      propertyPath: m_LocalEulerAnglesHint.z
      value: 0
      objectReference: {fileID: 0}
    m_RemovedComponents: []
  m_SourcePrefab: {fileID: 100100000, guid: 26e0c6be4773d49c78b6d7829179914e, type: 3}
--- !u!1 &1215254606
GameObject:
  m_ObjectHideFlags: 0
  m_CorrespondingSourceObject: {fileID: 0}
  m_PrefabInstance: {fileID: 0}
  m_PrefabAsset: {fileID: 0}
  serializedVersion: 6
  m_Component:
  - component: {fileID: 1215254610}
  - component: {fileID: 1215254609}
  - component: {fileID: 1215254608}
  - component: {fileID: 1215254607}
  m_Layer: 5
  m_Name: Canvas_mundo
  m_TagString: Untagged
  m_Icon: {fileID: 0}
  m_NavMeshLayer: 0
  m_StaticEditorFlags: 0
  m_IsActive: 1
--- !u!114 &1215254607
MonoBehaviour:
  m_ObjectHideFlags: 0
  m_CorrespondingSourceObject: {fileID: 0}
  m_PrefabInstance: {fileID: 0}
  m_PrefabAsset: {fileID: 0}
  m_GameObject: {fileID: 1215254606}
  m_Enabled: 1
  m_EditorHideFlags: 0
  m_Script: {fileID: 11500000, guid: dc42784cf147c0c48a680349fa168899, type: 3}
  m_Name: 
  m_EditorClassIdentifier: 
  m_IgnoreReversedGraphics: 1
  m_BlockingObjects: 0
  m_BlockingMask:
    serializedVersion: 2
    m_Bits: 4294967295
--- !u!114 &1215254608
MonoBehaviour:
  m_ObjectHideFlags: 0
  m_CorrespondingSourceObject: {fileID: 0}
  m_PrefabInstance: {fileID: 0}
  m_PrefabAsset: {fileID: 0}
  m_GameObject: {fileID: 1215254606}
  m_Enabled: 1
  m_EditorHideFlags: 0
  m_Script: {fileID: 11500000, guid: 0cd44c1031e13a943bb63640046fad76, type: 3}
  m_Name: 
  m_EditorClassIdentifier: 
  m_UiScaleMode: 0
  m_ReferencePixelsPerUnit: 100
  m_ScaleFactor: 1
  m_ReferenceResolution: {x: 800, y: 600}
  m_ScreenMatchMode: 0
  m_MatchWidthOrHeight: 0
  m_PhysicalUnit: 3
  m_FallbackScreenDPI: 96
  m_DefaultSpriteDPI: 96
  m_DynamicPixelsPerUnit: 1
--- !u!223 &1215254609
Canvas:
  m_ObjectHideFlags: 0
  m_CorrespondingSourceObject: {fileID: 0}
  m_PrefabInstance: {fileID: 0}
  m_PrefabAsset: {fileID: 0}
  m_GameObject: {fileID: 1215254606}
  m_Enabled: 1
  serializedVersion: 3
  m_RenderMode: 2
  m_Camera: {fileID: 0}
  m_PlaneDistance: 100
  m_PixelPerfect: 0
  m_ReceivesEvents: 1
  m_OverrideSorting: 0
  m_OverridePixelPerfect: 0
  m_SortingBucketNormalizedSize: 0
  m_AdditionalShaderChannelsFlag: 0
  m_SortingLayerID: 0
  m_SortingOrder: 0
  m_TargetDisplay: 0
--- !u!224 &1215254610
RectTransform:
  m_ObjectHideFlags: 0
  m_CorrespondingSourceObject: {fileID: 0}
  m_PrefabInstance: {fileID: 0}
  m_PrefabAsset: {fileID: 0}
  m_GameObject: {fileID: 1215254606}
  m_LocalRotation: {x: 0.0025655883, y: 0.18358056, z: 0.035216838, w: 0.9823703}
  m_LocalPosition: {x: 0, y: 0, z: 32.06}
  m_LocalScale: {x: 0.01, y: 0.01, z: 0.01}
  m_Children:
  - {fileID: 809058360}
  m_Father: {fileID: 0}
  m_RootOrder: 3
  m_LocalEulerAnglesHint: {x: -0.45200002, y: 21.154001, z: 4.0220003}
  m_AnchorMin: {x: 0, y: 0}
  m_AnchorMax: {x: 0, y: 0}
  m_AnchoredPosition: {x: -6.07, y: 9}
  m_SizeDelta: {x: 5500, y: 3000}
  m_Pivot: {x: 0.5, y: 0.5}
--- !u!4 &1583182645 stripped
Transform:
  m_CorrespondingSourceObject: {fileID: 4484591312116288, guid: 126d619cf4daa52469682f85c1378b4a,
    type: 3}
  m_PrefabInstance: {fileID: 2114758112}
  m_PrefabAsset: {fileID: 0}
--- !u!1 &1592689080 stripped
GameObject:
  m_CorrespondingSourceObject: {fileID: 112276, guid: d9809c5e8418bb047bf2c8ba1d1a2cec,
    type: 3}
  m_PrefabInstance: {fileID: 1873235463}
  m_PrefabAsset: {fileID: 0}
--- !u!114 &1592689081
MonoBehaviour:
  m_ObjectHideFlags: 0
  m_CorrespondingSourceObject: {fileID: 0}
  m_PrefabInstance: {fileID: 0}
  m_PrefabAsset: {fileID: 0}
  m_GameObject: {fileID: 1592689080}
  m_Enabled: 1
  m_EditorHideFlags: 0
  m_Script: {fileID: 11500000, guid: b3d140891fdc64b30af659ca095b9e5a, type: 3}
  m_Name: 
  m_EditorClassIdentifier: 
  scene: 0
--- !u!1 &1601656126
GameObject:
  m_ObjectHideFlags: 0
  m_CorrespondingSourceObject: {fileID: 0}
  m_PrefabInstance: {fileID: 0}
  m_PrefabAsset: {fileID: 0}
  serializedVersion: 6
  m_Component:
  - component: {fileID: 1601656127}
  - component: {fileID: 1601656130}
  - component: {fileID: 1601656129}
  - component: {fileID: 1601656128}
  - component: {fileID: 1601656131}
  m_Layer: 5
  m_Name: InformationButton
  m_TagString: Untagged
  m_Icon: {fileID: 0}
  m_NavMeshLayer: 0
  m_StaticEditorFlags: 0
  m_IsActive: 1
--- !u!224 &1601656127
RectTransform:
  m_ObjectHideFlags: 0
  m_CorrespondingSourceObject: {fileID: 0}
  m_PrefabInstance: {fileID: 0}
  m_PrefabAsset: {fileID: 0}
  m_GameObject: {fileID: 1601656126}
  m_LocalRotation: {x: 0.013923271, y: 0.19882691, z: -0.002009285, w: 0.9799337}
  m_LocalPosition: {x: 0, y: 0, z: -37}
  m_LocalScale: {x: 1, y: 1, z: 1}
  m_Children: []
  m_Father: {fileID: 1874388951}
  m_RootOrder: 0
  m_LocalEulerAnglesHint: {x: 1.6090001, y: 22.94, z: 0.09200001}
  m_AnchorMin: {x: 0.5, y: 0.5}
  m_AnchorMax: {x: 0.5, y: 0.5}
  m_AnchoredPosition: {x: -575, y: -87}
  m_SizeDelta: {x: 300, y: 300}
  m_Pivot: {x: 0.5, y: 0.5}
--- !u!65 &1601656128
BoxCollider:
  m_ObjectHideFlags: 0
  m_CorrespondingSourceObject: {fileID: 0}
  m_PrefabInstance: {fileID: 0}
  m_PrefabAsset: {fileID: 0}
  m_GameObject: {fileID: 1601656126}
  m_Material: {fileID: 0}
  m_IsTrigger: 0
  m_Enabled: 1
  serializedVersion: 2
  m_Size: {x: 300, y: 300, z: 300}
  m_Center: {x: 0, y: 0, z: 0}
--- !u!114 &1601656129
MonoBehaviour:
  m_ObjectHideFlags: 0
  m_CorrespondingSourceObject: {fileID: 0}
  m_PrefabInstance: {fileID: 0}
  m_PrefabAsset: {fileID: 0}
  m_GameObject: {fileID: 1601656126}
  m_Enabled: 1
  m_EditorHideFlags: 0
  m_Script: {fileID: 11500000, guid: fe87c0e1cc204ed48ad3b37840f39efc, type: 3}
  m_Name: 
  m_EditorClassIdentifier: 
  m_Material: {fileID: 0}
  m_Color: {r: 1, g: 1, b: 1, a: 1}
  m_RaycastTarget: 1
  m_OnCullStateChanged:
    m_PersistentCalls:
      m_Calls: []
  m_Sprite: {fileID: 21300000, guid: 10c2cdcd3447a404abf9d974ebf79632, type: 3}
  m_Type: 0
  m_PreserveAspect: 0
  m_FillCenter: 1
  m_FillMethod: 4
  m_FillAmount: 1
  m_FillClockwise: 1
  m_FillOrigin: 0
  m_UseSpriteMesh: 1
  m_PixelsPerUnitMultiplier: 1
--- !u!222 &1601656130
CanvasRenderer:
  m_ObjectHideFlags: 0
  m_CorrespondingSourceObject: {fileID: 0}
  m_PrefabInstance: {fileID: 0}
  m_PrefabAsset: {fileID: 0}
  m_GameObject: {fileID: 1601656126}
  m_CullTransparentMesh: 0
--- !u!114 &1601656131
MonoBehaviour:
  m_ObjectHideFlags: 0
  m_CorrespondingSourceObject: {fileID: 0}
  m_PrefabInstance: {fileID: 0}
  m_PrefabAsset: {fileID: 0}
  m_GameObject: {fileID: 1601656126}
  m_Enabled: 1
  m_EditorHideFlags: 0
  m_Script: {fileID: 11500000, guid: 25081e4d58b924b0a8d3731de2d17baa, type: 3}
  m_Name: 
  m_EditorClassIdentifier: 
  OnOverEvent:
    m_PersistentCalls:
      m_Calls:
      - m_Target: {fileID: 1601656131}
        m_MethodName: TamanoAumentado
        m_Mode: 4
        m_Arguments:
          m_ObjectArgument: {fileID: 0}
          m_ObjectArgumentAssemblyTypeName: UnityEngine.Object, UnityEngine
          m_IntArgument: 0
          m_FloatArgument: 1.5
          m_StringArgument: 
          m_BoolArgument: 0
        m_CallState: 2
  OnOffEvent:
    m_PersistentCalls:
      m_Calls:
      - m_Target: {fileID: 1601656131}
        m_MethodName: TamanoOriginal
        m_Mode: 4
        m_Arguments:
          m_ObjectArgument: {fileID: 0}
          m_ObjectArgumentAssemblyTypeName: UnityEngine.Object, UnityEngine
          m_IntArgument: 0
          m_FloatArgument: 1
          m_StringArgument: 
          m_BoolArgument: 0
        m_CallState: 2
  OnClickEvent:
    m_PersistentCalls:
      m_Calls:
      - m_Target: {fileID: 1601656131}
        m_MethodName: AbrirBubbleInformation
        m_Mode: 1
        m_Arguments:
          m_ObjectArgument: {fileID: 0}
          m_ObjectArgumentAssemblyTypeName: UnityEngine.Object, UnityEngine
          m_IntArgument: 0
          m_FloatArgument: 0
          m_StringArgument: 
          m_BoolArgument: 0
        m_CallState: 2
  controllerScene: {fileID: 0}
  objeto: {fileID: 791198715}
--- !u!1001 &1873235463
PrefabInstance:
  m_ObjectHideFlags: 0
  serializedVersion: 2
  m_Modification:
    m_TransformParent: {fileID: 991998179}
    m_Modifications:
    - target: {fileID: 112276, guid: d9809c5e8418bb047bf2c8ba1d1a2cec, type: 3}
      propertyPath: m_Name
      value: OVRControllerPrefab
      objectReference: {fileID: 0}
    - target: {fileID: 488160, guid: d9809c5e8418bb047bf2c8ba1d1a2cec, type: 3}
      propertyPath: m_LocalPosition.x
      value: 0
      objectReference: {fileID: 0}
    - target: {fileID: 488160, guid: d9809c5e8418bb047bf2c8ba1d1a2cec, type: 3}
      propertyPath: m_LocalPosition.y
      value: 0
      objectReference: {fileID: 0}
    - target: {fileID: 488160, guid: d9809c5e8418bb047bf2c8ba1d1a2cec, type: 3}
      propertyPath: m_LocalPosition.z
      value: 0
      objectReference: {fileID: 0}
    - target: {fileID: 488160, guid: d9809c5e8418bb047bf2c8ba1d1a2cec, type: 3}
      propertyPath: m_LocalRotation.x
      value: -0
      objectReference: {fileID: 0}
    - target: {fileID: 488160, guid: d9809c5e8418bb047bf2c8ba1d1a2cec, type: 3}
      propertyPath: m_LocalRotation.y
      value: -0
      objectReference: {fileID: 0}
    - target: {fileID: 488160, guid: d9809c5e8418bb047bf2c8ba1d1a2cec, type: 3}
      propertyPath: m_LocalRotation.z
      value: -0
      objectReference: {fileID: 0}
    - target: {fileID: 488160, guid: d9809c5e8418bb047bf2c8ba1d1a2cec, type: 3}
      propertyPath: m_LocalRotation.w
      value: 1
      objectReference: {fileID: 0}
    - target: {fileID: 488160, guid: d9809c5e8418bb047bf2c8ba1d1a2cec, type: 3}
      propertyPath: m_RootOrder
      value: 0
      objectReference: {fileID: 0}
    - target: {fileID: 488160, guid: d9809c5e8418bb047bf2c8ba1d1a2cec, type: 3}
      propertyPath: m_LocalEulerAnglesHint.x
      value: 0
      objectReference: {fileID: 0}
    - target: {fileID: 488160, guid: d9809c5e8418bb047bf2c8ba1d1a2cec, type: 3}
      propertyPath: m_LocalEulerAnglesHint.y
      value: 0
      objectReference: {fileID: 0}
    - target: {fileID: 488160, guid: d9809c5e8418bb047bf2c8ba1d1a2cec, type: 3}
      propertyPath: m_LocalEulerAnglesHint.z
      value: 0
      objectReference: {fileID: 0}
    m_RemovedComponents: []
  m_SourcePrefab: {fileID: 100100000, guid: d9809c5e8418bb047bf2c8ba1d1a2cec, type: 3}
--- !u!4 &1873235464 stripped
Transform:
  m_CorrespondingSourceObject: {fileID: 488160, guid: d9809c5e8418bb047bf2c8ba1d1a2cec,
    type: 3}
  m_PrefabInstance: {fileID: 1873235463}
  m_PrefabAsset: {fileID: 0}
--- !u!1 &1874388947
GameObject:
  m_ObjectHideFlags: 0
  m_CorrespondingSourceObject: {fileID: 0}
  m_PrefabInstance: {fileID: 0}
  m_PrefabAsset: {fileID: 0}
  serializedVersion: 6
  m_Component:
  - component: {fileID: 1874388951}
  - component: {fileID: 1874388950}
  - component: {fileID: 1874388949}
  - component: {fileID: 1874388948}
  m_Layer: 5
  m_Name: Canvas_informacion
  m_TagString: Untagged
  m_Icon: {fileID: 0}
  m_NavMeshLayer: 0
  m_StaticEditorFlags: 0
  m_IsActive: 1
--- !u!114 &1874388948
MonoBehaviour:
  m_ObjectHideFlags: 0
  m_CorrespondingSourceObject: {fileID: 0}
  m_PrefabInstance: {fileID: 0}
  m_PrefabAsset: {fileID: 0}
  m_GameObject: {fileID: 1874388947}
  m_Enabled: 1
  m_EditorHideFlags: 0
  m_Script: {fileID: 11500000, guid: dc42784cf147c0c48a680349fa168899, type: 3}
  m_Name: 
  m_EditorClassIdentifier: 
  m_IgnoreReversedGraphics: 1
  m_BlockingObjects: 0
  m_BlockingMask:
    serializedVersion: 2
    m_Bits: 4294967295
--- !u!114 &1874388949
MonoBehaviour:
  m_ObjectHideFlags: 0
  m_CorrespondingSourceObject: {fileID: 0}
  m_PrefabInstance: {fileID: 0}
  m_PrefabAsset: {fileID: 0}
  m_GameObject: {fileID: 1874388947}
  m_Enabled: 1
  m_EditorHideFlags: 0
  m_Script: {fileID: 11500000, guid: 0cd44c1031e13a943bb63640046fad76, type: 3}
  m_Name: 
  m_EditorClassIdentifier: 
  m_UiScaleMode: 0
  m_ReferencePixelsPerUnit: 100
  m_ScaleFactor: 1
  m_ReferenceResolution: {x: 800, y: 600}
  m_ScreenMatchMode: 0
  m_MatchWidthOrHeight: 0
  m_PhysicalUnit: 3
  m_FallbackScreenDPI: 96
  m_DefaultSpriteDPI: 96
  m_DynamicPixelsPerUnit: 1
--- !u!223 &1874388950
Canvas:
  m_ObjectHideFlags: 0
  m_CorrespondingSourceObject: {fileID: 0}
  m_PrefabInstance: {fileID: 0}
  m_PrefabAsset: {fileID: 0}
  m_GameObject: {fileID: 1874388947}
  m_Enabled: 1
  serializedVersion: 3
  m_RenderMode: 2
  m_Camera: {fileID: 0}
  m_PlaneDistance: 100
  m_PixelPerfect: 0
  m_ReceivesEvents: 1
  m_OverrideSorting: 0
  m_OverridePixelPerfect: 0
  m_SortingBucketNormalizedSize: 0
  m_AdditionalShaderChannelsFlag: 0
  m_SortingLayerID: 0
  m_SortingOrder: 0
  m_TargetDisplay: 0
--- !u!224 &1874388951
RectTransform:
  m_ObjectHideFlags: 0
  m_CorrespondingSourceObject: {fileID: 0}
  m_PrefabInstance: {fileID: 0}
  m_PrefabAsset: {fileID: 0}
  m_GameObject: {fileID: 1874388947}
  m_LocalRotation: {x: -0.0076346924, y: -0.35323444, z: 0.034474835, w: 0.9348682}
  m_LocalPosition: {x: 0, y: 0, z: 27.91}
  m_LocalScale: {x: 0.01, y: 0.01, z: 0.01}
  m_Children:
  - {fileID: 1601656127}
  - {fileID: 791198716}
  m_Father: {fileID: 0}
  m_RootOrder: 2
  m_LocalEulerAnglesHint: {x: 0.578, y: -41.377003, z: 4.006}
  m_AnchorMin: {x: 0, y: 0}
  m_AnchorMax: {x: 0, y: 0}
  m_AnchoredPosition: {x: -10.4, y: 9}
  m_SizeDelta: {x: 5500, y: 3000}
  m_Pivot: {x: 0.5, y: 0.5}
--- !u!1001 &2114758112
PrefabInstance:
  m_ObjectHideFlags: 0
  serializedVersion: 2
  m_Modification:
    m_TransformParent: {fileID: 0}
    m_Modifications:
    - target: {fileID: 100004, guid: 126d619cf4daa52469682f85c1378b4a, type: 3}
      propertyPath: m_Name
      value: OVRCameraRig
      objectReference: {fileID: 0}
    - target: {fileID: 400004, guid: 126d619cf4daa52469682f85c1378b4a, type: 3}
      propertyPath: m_LocalPosition.x
      value: 0
      objectReference: {fileID: 0}
    - target: {fileID: 400004, guid: 126d619cf4daa52469682f85c1378b4a, type: 3}
      propertyPath: m_LocalPosition.y
      value: 0
      objectReference: {fileID: 0}
    - target: {fileID: 400004, guid: 126d619cf4daa52469682f85c1378b4a, type: 3}
      propertyPath: m_LocalPosition.z
      value: 0
      objectReference: {fileID: 0}
    - target: {fileID: 400004, guid: 126d619cf4daa52469682f85c1378b4a, type: 3}
      propertyPath: m_LocalRotation.x
      value: 0
      objectReference: {fileID: 0}
    - target: {fileID: 400004, guid: 126d619cf4daa52469682f85c1378b4a, type: 3}
      propertyPath: m_LocalRotation.y
      value: 0
      objectReference: {fileID: 0}
    - target: {fileID: 400004, guid: 126d619cf4daa52469682f85c1378b4a, type: 3}
      propertyPath: m_LocalRotation.z
      value: 0.043619405
      objectReference: {fileID: 0}
    - target: {fileID: 400004, guid: 126d619cf4daa52469682f85c1378b4a, type: 3}
      propertyPath: m_LocalRotation.w
      value: 0.9990483
      objectReference: {fileID: 0}
    - target: {fileID: 400004, guid: 126d619cf4daa52469682f85c1378b4a, type: 3}
      propertyPath: m_RootOrder
      value: 0
      objectReference: {fileID: 0}
    - target: {fileID: 400004, guid: 126d619cf4daa52469682f85c1378b4a, type: 3}
      propertyPath: m_LocalEulerAnglesHint.x
      value: 0
      objectReference: {fileID: 0}
    - target: {fileID: 400004, guid: 126d619cf4daa52469682f85c1378b4a, type: 3}
      propertyPath: m_LocalEulerAnglesHint.y
      value: 0
      objectReference: {fileID: 0}
    - target: {fileID: 400004, guid: 126d619cf4daa52469682f85c1378b4a, type: 3}
      propertyPath: m_LocalEulerAnglesHint.z
      value: 5
      objectReference: {fileID: 0}
    - target: {fileID: 2037080, guid: 126d619cf4daa52469682f85c1378b4a, type: 3}
      propertyPath: m_Enabled
      value: 0
      objectReference: {fileID: 0}
    - target: {fileID: 109308, guid: 126d619cf4daa52469682f85c1378b4a, type: 3}
      propertyPath: m_IsActive
      value: 0
      objectReference: {fileID: 0}
    - target: {fileID: 100000, guid: 126d619cf4daa52469682f85c1378b4a, type: 3}
      propertyPath: m_Layer
      value: 9
      objectReference: {fileID: 0}
    - target: {fileID: 20000010189485334, guid: 126d619cf4daa52469682f85c1378b4a,
        type: 3}
      propertyPath: m_Enabled
      value: 1
      objectReference: {fileID: 0}
    - target: {fileID: 20000010189485334, guid: 126d619cf4daa52469682f85c1378b4a,
        type: 3}
      propertyPath: m_CullingMask.m_Bits
      value: 567
      objectReference: {fileID: 0}
    - target: {fileID: 11400010, guid: 126d619cf4daa52469682f85c1378b4a, type: 3}
      propertyPath: useFixedUpdateForTracking
      value: 0
      objectReference: {fileID: 0}
    - target: {fileID: 20000012175207052, guid: 126d619cf4daa52469682f85c1378b4a,
        type: 3}
      propertyPath: m_Enabled
      value: 1
      objectReference: {fileID: 0}
    - target: {fileID: 20000012175207052, guid: 126d619cf4daa52469682f85c1378b4a,
        type: 3}
      propertyPath: m_CullingMask.m_Bits
      value: 311
      objectReference: {fileID: 0}
    m_RemovedComponents: []
  m_SourcePrefab: {fileID: 100100000, guid: 126d619cf4daa52469682f85c1378b4a, type: 3}
--- !u!20 &2114758113 stripped
Camera:
  m_CorrespondingSourceObject: {fileID: 2037080, guid: 126d619cf4daa52469682f85c1378b4a,
    type: 3}
  m_PrefabInstance: {fileID: 2114758112}
  m_PrefabAsset: {fileID: 0}
